
      <record>
         <leader>00000nz  a2200169   4500</leader>
         <controlfield tag="001">30003875</controlfield>
         <controlfield tag="003">RISM</controlfield>
         <controlfield tag="005">20160216</controlfield>
         <controlfield tag="008">160216n||az|||||||##########||||||||||||</controlfield>
         <datafield tag="040" ind1=" " ind2=" ">
            <subfield code="a">IND-BAop</subfield>
         </datafield>
         <datafield tag="043" ind1=" " ind2=" ">
            <subfield code="c">XB-IN</subfield>
         </datafield>
         <datafield tag="110" ind1="2" ind2=" ">
            <subfield code="a">Khuda Bakhsh, Oriental Public Library</subfield>
            <subfield code="c">Bankipore</subfield>
            <subfield code="g">IND-BAop</subfield>
         </datafield>
         <datafield tag="622" ind1=" " ind2=" ">
            <subfield code="e">Khuda Bakhsh, Oriental Public Library, IND-Bankipore</subfield>
         </datafield>
      </record>