
      <record>
         <leader>00000nz  a2200169   4500</leader>
         <controlfield tag="001">30005695</controlfield>
         <controlfield tag="003">RISM</controlfield>
         <controlfield tag="005">20160216</controlfield>
         <controlfield tag="008">160216n||az|||||||##########||||||||||||</controlfield>
         <datafield tag="040" ind1=" " ind2=" ">
            <subfield code="a">IND-BHma</subfield>
         </datafield>
         <datafield tag="043" ind1=" " ind2=" ">
            <subfield code="c">XB-IN</subfield>
         </datafield>
         <datafield tag="110" ind1="2" ind2=" ">
            <subfield code="a">Bibliothèque de Mowl¯an¯a ¯Az¯ad ou Hamidiyya</subfield>
            <subfield code="c">Bhop¯al</subfield>
            <subfield code="g">IND-BHma</subfield>
         </datafield>
         <datafield tag="622" ind1=" " ind2=" ">
            <subfield code="e">Bibliothèque de Mowl¯an¯a ¯Az¯ad ou, Hamidiyya, IND-Bhop¯al</subfield>
         </datafield>
      </record>