
      <record>
         <leader>00000nz  a2200169   4500</leader>
         <controlfield tag="001">30003879</controlfield>
         <controlfield tag="003">RISM</controlfield>
         <controlfield tag="005">20160216</controlfield>
         <controlfield tag="008">160216n||az|||||||##########||||||||||||</controlfield>
         <datafield tag="040" ind1=" " ind2=" ">
            <subfield code="a">IND-CA</subfield>
         </datafield>
         <datafield tag="043" ind1=" " ind2=" ">
            <subfield code="c">XB-IN</subfield>
         </datafield>
         <datafield tag="110" ind1="2" ind2=" ">
            <subfield code="a">Bibliothèque de Cachemire</subfield>
            <subfield code="c">Kashm¯ir</subfield>
            <subfield code="g">IND-CA</subfield>
         </datafield>
         <datafield tag="410" ind1="2" ind2=" ">
            <subfield code="a">Bibliothèque de Cachemire et Bhopal</subfield>
         </datafield>
      </record>